%% This BibTeX bibliography file was created using BibDesk.
%% https://bibdesk.sourceforge.io/

%% Created for Thomas Jenni at 2019-04-12 20:58:33 +0200 


%% Saved with string encoding Unicode (UTF-8) 



@electronic{bipm18,
	Author = {Bureau International des Poids et Mesures},
	Date-Added = {2019-04-12 20:53:47 +0200},
	Date-Modified = {2019-04-12 20:58:26 +0200},
	Month = {November},
	Title = {Resolutions of the 26th CGPM},
	Url = {https://www.bipm.org/utils/common/pdf/CGPM-2018/26th-CGPM-Resolutions.pdf},
	Year = {2018}}

@electronic{nist19,
	Date-Added = {2019-04-12 17:05:08 +0200},
	Date-Modified = {2019-04-12 17:28:29 +0200},
	Lastchecked = {12.4.2019},
	Month = {August},
	Title = {Webpage https://physics.nist.gov/cuu/index.html},
	Url = {https://physics.nist.gov/cuu/index.html},
	Year = {2019},
	Bdsk-Url-1 = {https://physics.nist.gov/cuu/index.html}}

@booklet{bipm06,
	Author = {Bureau International des Poids et Mesures},
	Date-Added = {2019-03-19 13:45:11 +0000},
	Date-Modified = {2019-04-12 20:57:27 +0200},
	Title = {The International System of Units (SI)},
	Volume = {8th edition},
	Year = {2006}}

@electronic{bipmunits18,
	Date-Added = {2018-09-03 09:58:37 +0200},
	Date-Modified = {2019-04-12 17:28:42 +0200},
	Lastchecked = {3.9.2018},
	Month = {September},
	Title = {Webpage https://www.bipm.org/en/measurement-units/},
	Url = {https://www.bipm.org/en/measurement-units/},
	Year = {2018},
	Bdsk-Url-1 = {https://www.bipm.org/en/measurement-units/}}

@article{iau16,
	Author = {{Pr{\v{s}}a} et al.},
	Date-Modified = {2019-04-12 17:26:47 +0200},
	Journal = {The Astronomical Journal},
	Month = {August},
	Pages = {41},
	Title = {Nominal Values for Selected Solar and Planetary Quantities: IAU 2015 Resolution B3},
	Volume = {152},
	Year = {2016},
	Bdsk-Url-1 = {https://doi.org/10.3847/0004-6256/152/2/41}}
